/home/mickey/files/repos/ubuntu-config/refs.bib